<?xml version="1.0" encoding="UTF-8"?><collection xmlns="http://www.loc.gov/MARC21/slim"><record><leader>00367nam--2200133-i-4500</leader><controlfield tag="001">000016977</controlfield><controlfield tag="002">20161230</controlfield><controlfield tag="005">20170304192153</controlfield><controlfield tag="008">060222s1000------------r-----000-0-eng-d</controlfield><datafield ind1=" " ind2=" " tag="245"><subfield code="a">The dirac medals of the ICTP 1988</subfield></datafield><datafield ind1=" " ind2=" " tag="260"><subfield code="a">Miramare-Trieste</subfield><subfield code="b">International Centre For Theoretical Physics</subfield><subfield code="c">1988</subfield></datafield><datafield ind1=" " ind2=" " tag="300"><subfield code="a">28 p</subfield></datafield><datafield ind1=" " ind2=" " tag="852"><subfield code="a">530.145</subfield></datafield><datafield ind1=" " ind2=" " tag="CAT"><subfield code="a">SYS</subfield><subfield code="c">20170304</subfield><subfield code="h">192153</subfield></datafield></record></collection>